% ========================================
%  Model
% ========================================

@article{PostelVinayetal2002,
  title={Equilibrium wage dispersion with worker and employer heterogeneity},
  author={Postel--Vinay, Fabien and Robin, Jean--Marc},
  journal={Econometrica},
  volume={70},
  number={6},
  pages={2295--2350},
  year={2002},
  publisher={Wiley Online Library}
}
@article{MenzioShi2011,
  title={Efficient search on the job and the business cycle},
  author={Menzio, Guido and Shi, Shouyong},
  journal={Journal of Political Economy},
  volume={119},
  number={3},
  pages={468--510},
  year={2011},
  publisher={University of Chicago Press Chicago, IL}
}

@article{MPV2013,
  title={Stochastic search equilibrium},
  author={Moscarini, Giuseppe and Postel-Vinay, Fabien},
  journal={Review of Economic Studies},
  volume={80},
  number={4},
  pages={1545--1581},
  year={2013},
  publisher={Oxford University Press}
}

@article{MPV2018,
  author={Moscarini, Giuseppe and Postel-Vinay, Fabien},
  title={{On the Job Search and Business Cycles}},
  year=2018,
  month=Sep,
  institution={Institute of Labor Economics (IZA)},
  type={IZA Discussion Papers},
}

@inproceedings{LisePostelVinay2015,
  title={Multidimensional skills, sorting, and human capital accumulation},
  author={Lise, Jeremy and Postel-Vinay, Fabien},
  booktitle={2015 Meeting Papers},
  volume={386},
  year={2015}
}

% ========================================
%  LFPR
% ========================================

@article{VanZandweghe2012,
  title={Interpreting the recent decline in labor force participation},
  author={Van Zandweghe, Willem},
  journal={Economic Review-Federal Reserve Bank of Kansas City},
  pages={5},
  year={2012},
  publisher={Federal Reserve Bank of Kansas City}
}

@article{Aaronsonetal2014,
  title={Labor force participation: recent developments and future prospects},
  author={Aaronson, Stephanie and Cajner, Tomaz and Fallick, Bruce and Galbis-Reig, Felix and Smith, Christopher and Wascher, William},
  journal={Brookings Papers on Economic Activity},
  volume={2014},
  number={2},
  pages={197--275},
  year={2014},
  publisher={Brookings Institution Press}
}

@article{Frazis2017,
  title={Employed workers leaving the labor force: an analysis of recent trends},
  author={Frazis, Harley},
  journal={Monthly Lab. Rev.},
  volume={140},
  pages={1},
  year={2017},
  publisher={HeinOnline}
}

% ========================================
%  Technology Adoption
% ========================================

@article{Kortum1997,
  title={Research, patenting, and technological change},
  author={Kortum, Samuel S},
  journal={Econometrica: Journal of the Econometric Society},
  pages={1389--1419},
  year={1997},
  publisher={JSTOR}
}

@article{Acemoglu1997,
  title={Technology, unemployment and efficiency},
  author={Acemoglu, Daron},
  journal={European Economic Review},
  volume={41},
  number={3-5},
  pages={525--533},
  year={1997},
  publisher={Elsevier}
}

@techreport{HallKhan2003,
  title={Adoption of new technology},
  author={Hall, Bronwyn H and Khan, Beethika},
  year={2003},
  institution={National bureau of economic research}
}

@article{Cominetal2006,
  title={Medium-term business cycles},
  author={Comin, Diego and Gertler, Mark},
  journal={American Economic Review},
  volume={96},
  number={3},
  pages={523--551},
  year={2006}
}

@article{AtkesonKehoe2007,
  title={Modeling the transition to a new economy: lessons from two technological revolutions},
  author={Atkeson, Andrew and Kehoe, Patrick J},
  journal={American Economic Review},
  volume={97},
  number={1},
  pages={64--88},
  year={2007}
}

@techreport{Acemogluetal2013,
  title={Innovation, reallocation and growth},
  author={Acemoglu, Daron and Akcigit, Ufuk and Alp, Harun and Bloom, Nicholas and Kerr, William R},
  year={2013},
  institution={National Bureau of Economic Research}
}

@incollection{Aghionetal2014,
  title={What do we learn from Schumpeterian growth theory?},
  author={Aghion, Philippe and Akcigit, Ufuk and Howitt, Peter},
  booktitle={Handbook of economic growth},
  volume={2},
  pages={515--563},
  year={2014},
  publisher={Elsevier}
}

@article{Konigetal2016,
  title={Innovation vs. imitation and the evolution of productivity distributions},
  author={K{\"o}nig, Michael D and Lorenz, Jan and Zilibotti, Fabrizio},
  journal={Theoretical Economics},
  volume={11},
  number={3},
  pages={1053--1102},
  year={2016},
  publisher={Wiley Online Library}
}

@techreport{Benhabibetal2017,
  title={Reconciling models of diffusion and innovation: a theory of the productivity distribution and technology frontier},
  author={Benhabib, Jess and Perla, Jesse and Tonetti, Christopher},
  year={2017},
  institution={National Bureau of Economic Research}
}

@techreport{Akcigitetal2018,
  title={Dancing with the stars: Innovation through interactions},
  author={Akcigit, Ufuk and Caicedo, Santiago and Miguelez, Ernest and Stantcheva, Stefanie and Sterzi, Valerio},
  year={2018},
  institution={National Bureau of Economic Research}
}

@article{Atkesonetal2019,
  title={Transitional Dynamics in Aggregate Models of Innovative Investment},
  author={Atkeson, Andrew and Burstein, Ariel T and Chatzikonstantinou, Manolis},
  journal={Annual Review of Economics},
  volume={11},
  pages={273--301},
  year={2019},
  publisher={Annual Reviews}
}

@article{Anzoateguietal2019,
  title={Endogenous technology adoption and R\&D as sources of business cycle persistence},
  author={Anzoategui, Diego and Comin, Diego and Gertler, Mark and Martinez, Joseba},
  journal={American Economic Journal: Macroeconomics},
  volume={11},
  number={3},
  pages={67--110},
  year={2019}
}

% ========================================
%  Labor market trend
% ========================================

@article{Violante2002,
  title={Technological acceleration, skill transferability, and the rise in residual inequality},
  author={Violante, Giovanni L},
  journal={The Quarterly Journal of Economics},
  volume={117},
  number={1},
  pages={297--338},
  year={2002},
  publisher={MIT Press}
}

@incollection{AcemogluAutor2011,
  title={Skills, tasks and technologies: Implications for employment and earnings},
  author={Acemoglu, Daron and Autor, David},
  booktitle={Handbook of labor economics},
  volume={4},
  pages={1043--1171},
  year={2011},
  publisher={Elsevier}
}

@article{BaranyZsofia2018,
  title={Job polarization and structural change},
  author={B{\'a}r{\'a}ny, Zs{\'o}fia L and Siegel, Christian},
  journal={American Economic Journal: Macroeconomics},
  volume={10},
  number={1},
  pages={57--89},
  year={2018}
}
@article{Akermanetal2015,
  title={The skill complementarity of broadband internet},
  author={Akerman, Anders and Gaarder, Ingvil and Mogstad, Magne},
  journal={The Quarterly Journal of Economics},
  volume={130},
  number={4},
  pages={1781--1824},
  year={2015},
  publisher={MIT Press}
}

% ========================================
%  Human Capital
% ========================================

@article{Mincer1974,
  title={Schooling, Experience, and Earnings. Human Behavior \& Social Institutions No. 2.},
  author={Mincer, Jacob},
  year={1974},
  publisher={ERIC}
}

@article{Kalemli-Ozcanetal2000,
  title={Mortality decline, human capital investment, and economic growth},
  author={Kalemli-Ozcan, Sebnem and Ryder, Harl E and Weil, David N},
  journal={Journal of development economics},
  volume={62},
  number={1},
  pages={1--23},
  year={2000},
  publisher={Elsevier}
}


@article{GalorMoav2004,
  title={From physical to human capital accumulation: Inequality and the process of development},
  author={Galor, Oded and Moav, Omer},
  journal={The Review of Economic Studies},
  volume={71},
  number={4},
  pages={1001--1026},
  year={2004},
  publisher={Wiley-Blackwell}
}

@article{Imaietal2004,
  title={Intertemporal labor supply and human capital accumulation},
  author={Imai, Susumu and Keane, Michael P},
  journal={International Economic Review},
  volume={45},
  number={2},
  pages={601--641},
  year={2004},
  publisher={Wiley Online Library}
}

@article{BohacekKapicka2008,
  title={Optimal human capital policies},
  author={Bohacek, Radim and Kapicka, Marek},
  journal={Journal of Monetary Economics},
  volume={55},
  number={1},
  pages={1--16},
  year={2008},
  publisher={Elsevier}
}

@article{GorlichDeGrip2008,
  title={Human capital depreciation during hometime},
  author={G{\"o}rlich, Dennis and De Grip, Andries},
  journal={Oxford Economic Papers},
  volume={61},
  number={suppl\_1},
  pages={i98--i121},
  year={2008},
  publisher={Oxford University Press}
}

@article{Burdettetal2011,
  title={Human capital accumulation and labor market equilibrium},
  author={Burdett, Kenneth and Carrillo-Tudela, Carlos and Coles, Melvyn G},
  journal={International Economic Review},
  volume={52},
  number={3},
  pages={657--677},
  year={2011},
  publisher={Wiley Online Library}
}

@article{KapickaNeira2013,
  title={Optimal taxation in a life-cycle economy with endogenous human capital formation},
  author={Kapicka, Marek and Neira, Julian},
  journal={University of California, Santa Barbara WP},
  year={2013}
}

@article{Weber2014,
  title={Human capital depreciation and education level},
  author={Weber, Sylvain},
  journal={International Journal of Manpower},
  volume={35},
  number={5},
  pages={613--642},
  year={2014},
  publisher={Emerald Group Publishing Limited}
}

@techreport{Stantcheva2015,
  title={Learning and (or) doing: Human capital investments and optimal taxation},
  author={Stantcheva, Stefanie},
  year={2015},
  institution={National Bureau of Economic Research}
}

@article{Stantcheva2017,
  title={Optimal taxation and human capital policies over the life cycle},
  author={Stantcheva, Stefanie},
  journal={Journal of Political Economy},
  volume={125},
  number={6},
  pages={1931--1990},
  year={2017},
  publisher={University of Chicago Press Chicago, IL}
}

% ========================================
%  On-the-job training
% ========================================

@article{Barronetal1989,
  title={Job matching and on-the-job training},
  author={Barron, John M and Black, Dan A and Loewenstein, Mark A},
  journal={Journal of Labor Economics},
  volume={7},
  number={1},
  pages={1--19},
  year={1989},
  publisher={University of Chicago Press}
}

% ========================================
%  Technology Adoption and Human Capital
% ========================================

@article{Beaudryetal2006,
  title={Endogenous skill bias in technology adoption: City-level evidence from the IT revolution},
  author={Beaudry, Paul and Doms, Mark and Lewis, Ethan},
  year={2006},
  institution={National Bureau of Economic Research}
}

@article{Michelaccietal2007,
  title={Technology shocks and job flows},
  author={Michelacci, Claudio and Lopez-Salido, David},
  journal={The Review of Economic Studies},
  volume={74},
  number={4},
  pages={1195--1227},
  year={2007},
  publisher={Wiley-Blackwell}
}

@techreport{Adaoetal2020,
  title={Technological Transitions with Skill Heterogeneity Across Generations},
  author={Ad{\~a}o, Rodrigo and Beraja, Martin and Pandalai-Nayar, Nitya},
  year={2020},
  institution={National Bureau of Economic Research}
}

% ========================================
%  Recession
% ========================================


@article{Caggianoetal2014,
  title={Uncertainty shocks and unemployment dynamics in US recessions},
  author={Caggiano, Giovanni and Castelnuovo, Efrem and Groshenny, Nicolas},
  journal={Journal of Monetary Economics},
  volume={67},
  pages={78--92},
  year={2014},
  publisher={Elsevier}
}

@article{Mattinglyetal2011,
  title={Unemployment in the Great Recession: Single parents and men hit hard},
  author={Mattingly, Marybeth J and Smith, Kristin and Bean, Jessica A},
  year={2011},
  publisher={Durham, NH: Carsey Institute, University of New Hampshire}
}

@article{EstevaoTsounta2011,
  title={Has the Great Recession raised US structural unemployment?},
  author={Estev{\~a}o, Marcello M and Tsounta, Evridiki},
  journal={IMF Working Papers},
  pages={1--46},
  year={2011}
}

@article{Pissarides2013,
  title={Unemployment in the great recession},
  author={Pissarides, Christopher A},
  journal={Economica},
  volume={80},
  number={319},
  pages={385--403},
  year={2013},
  publisher={Wiley Online Library}
}

@article{Zhangetal2015,
  title={The great recession: a statistical analysis of its effects on unemployment},
  author={Zhang, Miranda M and Peppas, Stephanie and Peppas, Spero and Tyler, T Yu},
  journal={International Journal of Business and Economics Perspectives},
  volume={10},
  number={1},
  pages={44--55},
  year={2015},
  publisher={International Academy of Business and Public Administration Disciplines}
}

@article{FurlanettoGroshenny2016,
  title={Mismatch shocks and unemployment during the Great Recession},
  author={Furlanetto, Francesco and Groshenny, Nicolas},
  journal={Journal of Applied Econometrics},
  volume={31},
  number={7},
  pages={1197--1214},
  year={2016},
  publisher={Wiley Online Library}
}

@article{Forsythe2016,
  title={Why don’t firms hire young workers during recessions?},
  author={Forsythe, Eliza},
  journal={University of Illinois},
  year={2016}
}

@article{Charles2016,
  title={The masking of the decline in manufacturing employment by the housing bubble},
  author={Charles, Kerwin Kofi and Hurst, Erik and Notowidigdo, Matthew J},
  journal={Journal of Economic Perspectives},
  volume={30},
  number={2},
  pages={179--200},
  year={2016}
}

@article{HershbeinKahn2018,
  title={Do recessions accelerate routine-biased technological change? Evidence from vacancy postings},
  author={Hershbein, Brad and Kahn, Lisa B},
  journal={American Economic Review},
  volume={108},
  number={7},
  pages={1737--72},
  year={2018}
}

@article{Yagan2019,
  title={Employment hysteresis from the great recession},
  author={Yagan, Danny},
  journal={Journal of Political Economy},
  volume={127},
  number={5},
  pages={2505--2558},
  year={2019},
  publisher={The University of Chicago Press Chicago, IL}
}


@article{HoffmannLemieux2016,
  title={Unemployment in the Great Recession: a comparison of Germany, Canada, and the United States},
  author={Hoffmann, Florian and Lemieux, Thomas},
  journal={Journal of Labor Economics},
  volume={34},
  number={S1},
  pages={S95--S139},
  year={2016},
  publisher={University of Chicago Press Chicago, IL}
}

% ========================================
% Growth
% ========================================

@article{Redding1996,
  title={The low-skill, low-quality trap: Strategic complementarities between human capital and R \& D},
  author={Redding, Stephen},
  journal={The Economic Journal},
  volume={106},
  number={435},
  pages={458--470},
  year={1996},
  publisher={Oxford University Press Oxford, UK}
}


@article{Acemoglu1998,
  title={Why do new technologies complement skills? Directed technical change and wage inequality},
  author={Acemoglu, Daron},
  journal={The Quarterly Journal of Economics},
  volume={113},
  number={4},
  pages={1055--1089},
  year={1998},
  publisher={MIT Press}
}

@article{Kruselletal2000,
  title={Capital-skill complementarity and inequality: A macroeconomic analysis},
  author={Krusell, Per and Ohanian, Lee E and R{\'\i}os-Rull, Jos{\'e}-V{\'\i}ctor and Violante, Giovanni L},
  journal={Econometrica},
  volume={68},
  number={5},
  pages={1029--1053},
  year={2000},
  publisher={Wiley Online Library}
}

@article{Lloyd-EllisRoberts2002,
  title={Twin engines of growth: skills and technology as equal partners in balanced growth},
  author={Lloyd-Ellis, Huw and Roberts, Joanne},
  journal={Journal of Economic Growth},
  volume={7},
  number={2},
  pages={87--115},
  year={2002},
  publisher={Springer}
}


@article{CominHobijn2010,
  title={An exploration of technology diffusion},
  author={Comin, Diego and Hobijn, Bart},
  journal={American Economic Review},
  volume={100},
  number={5},
  pages={2031--59},
  year={2010}
}

@incollection{AcemogluAutor2011,
  title={Skills, tasks and technologies: Implications for employment and earnings},
  author={Acemoglu, Daron and Autor, David},
  booktitle={Handbook of labor economics},
  volume={4},
  pages={1043--1171},
  year={2011},
  publisher={Elsevier}
}

@article{Luttmer2012,
  title={Technology diffusion and growth},
  author={Luttmer, Erzo GJ},
  journal={Journal of Economic Theory},
  volume={147},
  number={2},
  pages={602--622},
  year={2012},
  publisher={Elsevier}
}

@article{PerlaTonetti2014,
  title={Equilibrium imitation and growth},
  author={Perla, Jesse and Tonetti, Christopher},
  journal={Journal of Political Economy},
  volume={122},
  number={1},
  pages={52--76},
  year={2014},
  publisher={University of Chicago Press Chicago, IL}
}

@inproceedings{Stokey2014,
  title={The Race Between Technology and Human Capital},
  author={Stokey, Nancy L and others},
  booktitle={2014 Meeting Papers},
  number={1113},
  year={2014},
  organization={Society for Economic Dynamics}
}


@techreport{Luttmer2015,
  title={Four models of knowledge diffusion and growth},
  author={Luttmer, Erzo GJ and others},
  year={2015}
}

@article{AcemogluRestrepo2018,
  title={Low-skill and high-skill automation},
  author={Acemoglu, Daron and Restrepo, Pascual},
  journal={Journal of Human Capital},
  volume={12},
  number={2},
  pages={204--232},
  year={2018},
  publisher={University of Chicago Press Chicago, IL}
}

@article{Stokey2020,
  title={Technology and skill: Twin engines of growth},
  author={Stokey, Nancy L},
  journal={Review of Economic Dynamics},
  year={2020},
  publisher={Elsevier}
}

% ========================================
% Calibration
% ========================================

@article{Barronetal1989,
  title={Job matching and on-the-job training},
  author={Barron, John M and Black, Dan A and Loewenstein, Mark A},
  journal={Journal of Labor Economics},
  volume={7},
  number={1},
  pages={1--19},
  year={1989},
  publisher={University of Chicago Press}
}

@article{ArrazolaHevia2004,
  title={More on the estimation of the human capital depreciation rate},
  author={Arrazola, Maria and Hevia, Jos{\'e} de},
  journal={Applied Economics Letters},
  volume={11},
  number={3},
  pages={145--148},
  year={2004},
  publisher={Taylor \& Francis}
}

@techreport{FrazisLoewenstein2006,
  title={Wage compression and the division of returns to productivity growth: Evidence from EOPP},
  author={Frazis, Harley and Loewenstein, Mark A and others},
  year={2006}
}


@techreport{Liseetal2013,
  title={Mismatch, sorting and wage dynamics},
  author={Lise, Jeremy and Meghir, Costas and Robin, Jean-Marc},
  year={2013},
  institution={National Bureau of Economic Research}
}

@article{LiHall2016,
  title={Depreciation of business R\&D capital},
  author={Li, Wendy CY and Hall, Bronwyn H},
  journal={Review of Income and Wealth},
  year={2016},
  publisher={Wiley Online Library}
}

@article{Songetal2018,
  title={Firming up inequality},
  author={Song, Jae and Price, David J and Guvenen, Fatih and Bloom, Nicholas and Von Wachter, Till},
  journal={The Quarterly journal of economics},
  volume={134},
  number={1},
  pages={1--50},
  year={2018},
  publisher={Oxford University Press}
}

@incollection{Barteletal2009,
  title={International differences in the adoption and impact of new information technologies and new HR practices: the valve-making industry in the United States and United Kingdom},
  author={Bartel, Ann and Ichniowski, Casey and Shaw, Kathryn L and Correa, Ricardo},
  booktitle={International Differences in the Business Practices and Productivity of Firms},
  pages={55--78},
  year={2009},
  publisher={University of Chicago Press}
}

% ========================================
% Mismatch
% ========================================

@article{Bohmetal2020,
  title={Firm Heterogeneity in Skill Returns},
  author={B{\"o}hm, Michael J and Esmkhani, Khalil and Gallipoli, Giovanni},
  year={2020},
  publisher={CEPR Discussion Paper No. DP15480}
}

@article{LisePV2020,
  title={Multidimensional skills, sorting, and human capital accumulation},
  author={Lise, Jeremy and Postel-Vinay, Fabien},
  journal={American Economic Review},
  volume={110},
  number={8},
  pages={2328--76},
  year={2020}
}

@article{Guvenenetal2020,
  title={Multidimensional skill mismatch},
  author={Guvenen, Fatih and Kuruscu, Burhan and Tanaka, Satoshi and Wiczer, David},
  journal={American Economic Journal: Macroeconomics},
  volume={12},
  number={1},
  pages={210--44},
  year={2020}
}

@article{Restrepo2015,
  title={Skill mismatch and structural unemployment},
  author={Restrepo, Pascual},
  journal={Massachusetts Institute of Technology Job Market Paper},
  pages={1--94},
  year={2015}
}

@article{DesjardinsRubenson2011,
  title={An analysis of skill mismatch using direct measures of skills},
  author={Desjardins, Richard and Rubenson, Kjell},
  year={2011},
  publisher={OECD}
}

@article{McGowanAndrews2015,
  title={Labour market mismatch and labour productivity: Evidence from PIAAC data},
  author={McGowan, M{\"u}ge Adalet and Andrews, Dan},
  year={2015},
  publisher={OECD}
}

@techreport{Allenetal2013,
  title={Skill mismatch and skill use in developed countries: Evidence from the PIAAC study},
  author={Allen, James Patrick and Levels, Mark and Van der Velden, Rolf},
  year={2013},
  institution={Maastricht University, Research Centre for Education and the Labour Market (ROA)}
}